<record><leader>00000cas a22000007a 4500</leader><controlfield tag="001">19485685</controlfield><controlfield tag="008">890401d1854185upauwr ne      0    0eng d</controlfield><datafield ind1=" " ind2=" " tag="010"><subfield code="a">sn 89077144 </subfield></datafield><datafield ind1=" " ind2=" " tag="040"><subfield code="a">NPH</subfield><subfield code="b">eng</subfield><subfield code="c">NPH</subfield><subfield code="d">OCLCQ</subfield></datafield><datafield ind1=" " ind2=" " tag="042"><subfield code="a">msc</subfield></datafield><datafield ind1="0" ind2="0" tag="245"><subfield code="a">York County star and Wrightsville advertiser.</subfield></datafield><datafield ind1="1" ind2="7" tag="246"><subfield code="a">Star and advertiser</subfield></datafield><datafield ind1=" " ind2=" " tag="260"><subfield code="a">Wrightsville, Pa. :</subfield><subfield code="b">R.W. Smith &amp; W.H. Albright,</subfield><subfield code="c">1854-</subfield></datafield><datafield ind1=" " ind2=" " tag="300"><subfield code="a">v. ;</subfield><subfield code="c">60 cm.</subfield></datafield><datafield ind1=" " ind2=" " tag="310"><subfield code="a">Weekly</subfield></datafield><datafield ind1="0" ind2=" " tag="362"><subfield code="a">Vol. 1, no. 1 (Apr. 6, 1854)-</subfield></datafield><datafield ind1=" " ind2=" " tag="500"><subfield code="a">Issue dated Apr. 6, 1854 was actually issued on Feb. 23, 1854, according to publisher's statement.</subfield></datafield><datafield ind1="0" ind2="0" tag="785"><subfield code="t">York County star</subfield><subfield code="w">(DLC)sn 90069215</subfield></datafield></record>